@misc{RAE,
    author    = {{R}eal {A}cademia {E}spañola},
    title     = "Diccionario de la lengua española",
    url       = "https://dle.rae.es/matem%C3%A1tico#ObS8ajk",
    year = {2014}
}

@misc{CantorWiki,
    title     = {{G}eorg {C}antor},
    url       = "https://es.wikipedia.org/wiki/Georg_Cantor#cite_note-1",
    month = {2},
    year = {2020}
}

@misc{AndresAbeliuk,
    author    = "Andres Abeliuk",
    title     = {Godel y la {C}risis de los {F}undamentos},
    url       = "https://users.dcc.uchile.cl/~aabeliuk/documents/godel.pdf",
    month = {9},
    year = {2011}
}

@misc{HilbertWiki,
    title     = {{D}avid {H}ilbert},
    url       = "https://es.wikipedia.org/wiki/David_Hilbert",
    month = {1},
    year = {2020}
}

@misc{IncytdeMorales,
    author    = {Morales D., Leonel V.},
    title     = {Incompletitud, el programa de {H}ilbert y el genio de {K}urt {G}ödel},
    url       = "http://www.incytde.org/incytde/content/incompletitud-el-programa-de-hilbert-y-el-genio-de-kurt-g-del",
    month = {1},
    year = {2013}
}

@misc{GodelWiki,
    title     = {{K}urt {G}ödel},
    url       = "https://es.wikipedia.org/wiki/Kurt_G%C3%B6del",
    month = {2},
    year = {2020}
}

@article{ScieloCrespo,
author = {Crespo Ostria, Luís},
issn = {2071-081X},
journal = {Fides et Ratio - Revista de Difusión cultural y científica de la Universidad La Salle en Bolivia},
number = {2},
pages = {20--28},
publisher = {Western Agricultural Economics Association},
title = {{KURT GÖDEL, GIGANTE DE LA LÓGICA}},
volume = {2},
month = {9},
url       = "http://www.scielo.org.bo/scielo.php?script=sci_arttext&pid=S2071-081X2008000100004",
year = {2008}
}

@misc{IncomGodelWiki,
    title     = {Teoremas de incompletitud de {G}ödel},
    url       = "https://es.wikipedia.org/wiki/Teoremas_de_incompletitud_de_G%C3%B6del",
    month = {1},
    year = {2020}
}

@misc{TuringWiki,
    title     = {Alan {T}uring},
    url       = "https://es.wikipedia.org/wiki/Alan_Turing",
    month = {3},
    year = {2020}
}

@misc{ChurchWiki,
    title     = {Alonzo {C}hurch},
    url       = "https://es.wikipedia.org/wiki/Alonzo_Church",
    month = {7},
    year = {2019}
}

@misc{RojasBarba,
    author    = {Rojas Barbachano, Rafael},
    title     = {Indecidibilidad de la {L}ógica de {P}rimer {O}rden},
    url       = "http://sistemas.fciencias.unam.mx/~lokylog/images/Notas/la_aldea_de_la_logica/LM_III_2016_1/Profesor/4.05_Indcbld_UV.pdf",
    month = {11},
    year = {2015}
}

@misc{LambdaEcu,
    title     = {Cálculo lambda},
    url       = "http://www.ecured.cu/index.php/C%C3%A1lculo_lambda",
    month = {6},
    year = {2019}
}

@misc{Llopismatesfacil,
    author    = {Llopis Fabra, José Luis},
    title     = {Máquina de {T}uring},
    issn = {2659-8442},
    url       = "https://www.matesfacil.com/automatas-lenguajes/Maquina-Turing.html"
}

@misc{ParadaWiki,
    title     = {Problema de la parada},
    url       = "https://es.wikipedia.org/wiki/Problema_de_la_parada",
    month = {1},
    year = {2020}
}

@misc{MonicaPrezi,
    author    = {Rojas Pérez, Mónica},
    title     = {Tesis de {C}hurch-{T}uring},
    url       = "https://prezi.com/8mmxifdzv6pu/tesis-de-church-turing/",
    month = {2},
    year = {2014}
}

@misc{Tcompticc,
    author    = {{ICC, Universidad de Buenos Aires}},
    title     = {{TEORÍA DE LA COMPUTACIÓN}},
    url       = "https://icc.fcen.uba.ar/teoria-de-la-computacion/"
}

@article{Hardaker2004,
author = {Hardaker, J. Brian and Richardson, James W. and Lien, Gudbrand and Schumann, Keith D.},
doi = {10.1111/j.1467-8489.2004.00239.x},
issn = {1364-985X},
journal = {The Australian Journal of Agricultural and Resource Economics},
keywords = {SERF,certainty equivalente,premium risk},
mendeley-groups = {Risk Analysis},
mendeley-tags = {SERF,certainty equivalente,premium risk},
month = {6},
number = {2},
pages = {253--270},
publisher = {John Wiley {\&} Sons, Ltd (10.1111)},
title = {{Stochastic efficiency analysis with risk aversion bounds: a simplified approach}},
volume = {48},
year = {2004}
}
