@misc{Defini,
    author    = "Jesús García",
    title     = {Núcleos e hilos de un procesador},
    url       = "https://jesgargardon.com/blog/nucleos-e-hilos-de-un-procesador/",
    month = {10},
    year = {2019}
} 

@misc{Defini2,
    author    = "Raj Kumar",
    title     = {{W}hat are {T}hreads in {C}omputer {P}rocessor or {C}{P}{U}?},
    url       = "https://www.geeksforgeeks.org/what-are-threads-in-computer-processor-or-cpu/",
    
}

@misc{Hist,
    author    = "Bryan O'Sullivan",
    title     = "The history of threads",
    url       = "http://www.serpentine.com/blog/threads-faq/the-history-of-threads/#:~:text=The%20notion%20of%20a%20thread,%2C%20semaphores%2C%20and%20similar%20means.",
    month = {9},
    year = {2005}
}

@misc{Tip,
    title     = {{O}perating {S}ystem - {M}ulti-{T}hreading},
    url       = "https://www.tutorialspoint.com/operating_system/os_multi_threading.htm",
}

@misc{vs,
    title     = {{H}ardware {T}hreads vs {S}oftware {T}hreads},
    url       = "http://paxcel.net/blog/hardware-threads-vs-software-threads/",
    month = {10},
    year = {2012}
}
