@misc{Defini,
    author    = {{F}.{I}ngeniería {U}niversidad de la {R}epública. {U}ruguay},
    title     = "Interrupciones",
    url       = "https://www.fing.edu.uy/tecnoinf/mvd/cursos/arqcomp/material/teo/arq-teo08.pdf",
} 

@misc{Hist,
    author    = "Mark Smotherman",
    title     = "Interrupts",
    url       = "https://people.cs.clemson.edu/~mark/interrupts.html",
    month = {7},
    year = {2017}
}

@misc{Tip,
    title     = {{T}ypes of {I}nterrupts and {H}ow to {H}andle {I}nterrupts},
    url       = "https://www.electronicshub.org/types-of-interrupts-and-how-to-handle-interrupts/#Types_of_Interrupts",
    month = {8},
    year = {2015}
}

@misc{Hard,
    title     = "Hardware interrupts",
    url       = "https://www.freepascal.org/docs-html/current/rtl/go32/hardwareinterrupts.html",
    month = {6},
    year = {2020}
}

@misc{Softtech,
    title     = {{S}oftware {I}nterrupt},
    url       = "https://www.techopedia.com/definition/22195/software-interrupt",
    month = {11},
    year = {2016}
}

@misc{Softm,
    author = "Prasun Dewan",
    title     = {{S}oftware {I}nterrupt},
    url       = "https://www.cs.unc.edu/~dewan/242/s07/notes/ipc/node3.html",
    month = {2},
    year = {2006}
}
